@ARTICLE{Newman03thestructure,
    author = {M. E. J. Newman},
    title = {The structure and function of complex networks},
    journal = {SIAM REVIEW},
    year = {2003},
    volume = {45},
    pages = {167--256}
}

@article{Guille:2013:IDO:2503792.2503797,
 author = {Guille, Adrien and Hacid, Hakim and Favre, Cecile and Zighed, Djamel A.},
 title = {Information Diffusion in Online Social Networks: A Survey},
 journal = {SIGMOD Rec.},
 issue_date = {May 2013},
 volume = {42},
 number = {2},
 month = jul,
 year = {2013},
 issn = {0163-5808},
 pages = {17--28},
 numpages = {12},
 url = {http://doi.acm.org/10.1145/2503792.2503797},
 doi = {10.1145/2503792.2503797},
 acmid = {2503797},
 publisher = {ACM},
 address = {New York, NY, USA}
} 

@article{authority,
  added-at = {2011-09-07T10:03:04.000+0200},
  author = {Anagnostopoulos, Aris and Brova, George and Terzi, Evimaria},
  biburl = {http://www.bibsonomy.org/bibtex/2eb4553d07c2975a62fff33e92646a7df/hotho},
  booktitle = {Proceedings of the ECML/PKDD 2011},
  interhash = {4b69d0de5d0c542404c9eb387abb0ac2},
  intrahash = {eb4553d07c2975a62fff33e92646a7df},
  keywords = {analysis authority bibsonomy network peer toread},
  timestamp = {2011-09-07T10:03:04.000+0200},
  title = {Peer and Authority Pressure in Information-Propagation Models},
  year = {2011}
}

@article{leskovec,
  author    = {Seth A. Myers and
               Chenguang Zhu and
               Jure Leskovec},
  title     = {Information Diffusion and External Influence in Networks},
  journal   = {CoRR},
  volume    = {abs/1206.1331},
  year      = {2012},
  ee        = {http://arxiv.org/abs/1206.1331},
  bibsource = {DBLP, http://dblp.uni-trier.de}
}

@book{Alpaydin:2010:IML:1734076,
 author = {Alpaydin, Ethem},
 title = {Introduction to Machine Learning},
 year = {2010},
 isbn = {026201243X, 9780262012430},
 edition = {2nd},
 publisher = {The MIT Press}
} 

@misc{krebs,
	title = {The Social Graph of a Facmous Mathematician},
	howpublished = "\url{http://www.orgnet.com/Erdos.html}",
	language = {English},
	urldate = {2014-05-31},
	author = {Krebs, Valdis}
}

@misc{ref,
	type = {Facebook Application},
	title = {referendum2013.hr},
	howpublished = "\url{http://referendum2013.hr/}",
	language = {Croatian},
	urldate = {2014-05-31},
	journal = {Referendum 2013},
	author = {{Nino Antulov-Fantulin} and {Tomislav Lipić} and {Iva Miholić} and {Matija Piškorec} and {Bruno Rahle} and {Mile Šikić}   },
	month = nov,
	year = {2013}
}

@inproceedings{akm-icsn-kdd08,
  author =	"Aris Anagnostopoulos and Ravi Kumar and Mohammad Mahdian",
  title =	"Influence and Correlation in Social Networks",
  booktitle =	"Proc. of the 14th ACM International Conference on
		 Knowledge Discovery and Data Mining ({KDD 2008})",
  pages =	"7--15",
  publisher =	"ACM Press",
  year =	"2008",
}

@Misc{scipy, 
  author =    {Eric Jones and Travis Oliphant and Pearu Peterson and others},
  title =     {{SciPy}: Open source scientific tools for {Python}},
  year =      {2001--},
  howpublished = "\url{http://www.scipy.org/}"
}

@MISC{gml,
    author = {Sheng Ye A and Feng Xuezhi A and Shaotao Yuan C and Ruan Renzong D},
    title = {GML – – AN OPEN-STANDARD GEOSPATIAL DATA FORMAT},
    year = {}
}

@Article{igraph,
    title = {The igraph software package for complex network research},
    author = {Gabor Csardi and Tamas Nepusz},
    journal = {InterJournal},
    volume = {Complex Systems},
    pages = {1695},
    year = {2006},
    howpublished = "\url{http://igraph.org}"
}

@misc{code,
  author = {Iva, Miholić},
  title = {Implementation of the Peer and Authority Model},
  year = {2014},
  publisher = {GitHub},
  journal = {GitHub repository},
  howpublished = {\url{https://github.com/imih/information-propagation}}
}

